@book{msft2017,
    author  = "S. Kels and C. Seifert",
    title   = "Windows Defender ATP machine learning: Detecting new and unusual breach activity",
    note    = "https://www.microsoft.com/security/blog/2017/08/03/windows-defender-atp-machine-learning-detecting-new-and-unusual-breach-activity/",
    month   = "Aug",
    year    = "2017",
    publisher = "Microsoft Defender Security Research Team"
}
@book{msft2017-2,
    author  = "S. Sellmer and S. Kels and A. Rubin",
    title   = "Windows Defender ATP machine learning and AMSI: Unearthing script-based attacks that ‘live off the land’",
    note    = "https://www.microsoft.com/security/blog/2017/12/04/windows-defender-atp-machine-learning-and-amsi-unearthing-script-based-attacks-that-live-off-the-land/",
    month   = "Dec",
    year    = "2017",
    publisher = "Microsoft Defender Security Research Team"
}
@book{msft2019,
    author  = "S. Kels and A. Rubin",
    title   = "Deep learning rises: New methods for detecting malicious PowerShell",
    note    = "https://www.microsoft.com/security/blog/2019/09/03/deep-learning-rises-new-methods-for-detecting-malicious-powershell/",
    month   = "Sep",
    year    = "2019",
    publisher = "Microsoft Defender ATP Team"
}
@book{powershell2018,
    author  = "D. Hendler and S. Kels and A. Rubin",
    title   = "Detecting Malicious PowerShell Commands using Deep Neural Networks",
    note    = "https://arxiv.org/pdf/1804.04177.pdf",
    month   = "Apr",
    year    = "2018",
    publisher = "arXiv"
}
@book{amsi2019,
    author  = "D. Hendler and S. Kels and A. Rubin",
    title   = "AMSI-Based Detection of Malicious PowerShell Code Using Contextual Embeddings",
    note    = "https://arxiv.org/pdf/1905.09538.pdf",
    month   = "Sep",
    year    = "2019",
    publisher = "arXiv"
}
@book{feye2018,
    author  = "V. Hegde",
    title   = "Obfuscated Command Line Detection Using Machine Learning",
    note    = "https://www.fireeye.com/blog/threat-research/2018/11/obfuscated-command-line-detection-using-machine-learning.html",
    month   = "Nov",
    year    = "2018",
    publisher = "FireEye Threat Research"
}
@book{feye2018-2,
    author  = "M. Berninger and A. Sopan",
    title   = "Reverse Engineering the Analyst: Building Machine Learning Models for the SOC",
    note    = "https://www.fireeye.com/blog/threat-research/2018/06/build-machine-learning-models-for-the-soc.html",
    month   = "Jun",
    year    = "2018",
    publisher = "FireEye Threat Research"
}
@book{symc2016,
    author  = "C. Wueest and S. Doherty and H. Anand",
    title   = "The Increased Use of Powershell in Attacks",
    note    = "https://docs.broadcom.com/doc/increased-use-of-powershell-in-attacks-16-en",
    year    = "2016",
    publisher = "Symantec Corporation"
}
@book{symc2017,
    author  = "C. Wueest and H. Anand",
    title   = "Living off the land and fileless attack techniques",
    note    = "https://docs.broadcom.com/doc/istr-living-off-the-land-and-fileless-attack-techniques-en",
    month   = "Jul",
    year    = "2017",
    publisher = "Symantec Corporation"
}
@book{textcnn2016,
    author  = "X. Zhang and J. Zhao and Y. LeCun",
    title   = "Character-level Convolutional Networks for Text Classification",
    note    = "https://arxiv.org/pdf/1509.01626.pdf",
    month   = "Apr",
    year    = "2016",
    publisher = "ArXiv"
}
@book{textcnn2019,
    author  = "A. Besbes",
    title   = "Character-based CNN",
    note    = "https://github.com/ahmedbesbes/character-based-cnn",
    month   = "Nov",
    year    = "2019",
    publisher = "GitHub"
}
@book{volexity2020,
    author  = "D. Cash and M. Meltzer and S. Koessel and S, Adair and T, Lancaster",
    title   = "Dark Halo Leverages SolarWinds Compromise to Breach Organizations",
    note    = "https://www.zdnet.com/article/fourth-malware-strain-discovered-in-solarwinds-incident/",
    month   = "Dec",
    year    = "2020",
    publisher = "Volexity Threat Research"
}
@book{zdnet2021,
    author  = "C. Cimpanu",
    title   = "Fourth malware strain discovered in SolarWinds incident",
    note    = "https://www.zdnet.com/article/fourth-malware-strain-discovered-in-solarwinds-incident/",
    month   = "Jan",
    year    = "2021",
    publisher = "ZDNet"
}
@book{survey2021,
    author  = "S. Minaee and N. Kalchbrenner and E. Cambria and N. Nikzad and M. Chenaghlu and J. Gao",
    title   = "Deep Learning Based Text Classification: A Comprehensive Review",
    note    = "https://arxiv.org/pdf/2004.03705.pdf",
    month   = "Jan",
    year    = "2021",
    publisher = "ArXiv"
}
@book{transformers2019,
    author  = "Peter Bloem",
    title   = "Transformers from Scratch",
    note    = "http://peterbloem.nl/blog/transformers",
    month   = "Aug",
    year    = "2019",
    publisher = "Vrije Universiteit Amsterdam"
}
@book{data1,
    author  = "Microsoft",
    title   = "PowerShell Gallery",
    note    = "https://www.powershellgallery.com/",
    year    = "2021",
    publisher = "Microsoft Corp."
}
@book{data21,
    author  = "D. Bohannon and L. Holmes",
    title   = "Revoke-Obfuscation",
    note    = "https://github.com/danielbohannon/Revoke-Obfuscation",
    year    = "2020",
    publisher = "GitHub"
}
@book{data22,
    author  = "D. Bohannon and L. Holmes",
    title   = "Revoke-Obfuscation: Obfuscation Detection Using Science",
    note    = "https://www.fireeye.com/content/dam/fireeye-www/blog/pdfs/revoke-obfuscation-report.pdf",
    year    = "2017",
    publisher = "Black Hat USA"
}
