@book{msft2019,
    author  = "S. Kels and A. Rubin",
    title   = "Deep learning rises: New methods for detecting malicious PowerShell",
    note    = "https://www.microsoft.com/security/blog/2019/09/03/deep-learning-rises-new-methods-for-detecting-malicious-powershell/",
    month   = "Sep",
    year    = "2019",
    publisher = "Microsoft Security Intelligence"
}
@book{arxiv2018,
    author  = "D. Hendler and S. Kels and A. Rubin",
    title   = "Detecting Malicious PowerShell Commands using Deep Neural Networks",
    note    = "https://arxiv.org/pdf/1804.04177.pdf",
    month   = "Apr",
    year    = "2018",
    publisher = "arXiv"
}
@book{feye2018,
    author  = "V. Hegde",
    title   = "Obfuscated Command Line Detection Using Machine Learning",
    note    = "https://www.fireeye.com/blog/threat-research/2018/11/obfuscated-command-line-detection-using-machine-learning.html",
    month   = "Nov",
    year    = "2018",
    publisher = "FireEye Threat Research"
}
